<?xml version="1.0" encoding="UTF-8"?><collection xmlns="http://www.loc.gov/MARC21/slim"><record><leader>00406nam--2200145-i-4500</leader><controlfield tag="001">000011206</controlfield><controlfield tag="002">20161230</controlfield><controlfield tag="005">20161230201029</controlfield><controlfield tag="008">060222s1000------------r-----000-0-eng-d</controlfield><datafield ind1=" " ind2=" " tag="080"><subfield code="a">539.12(047)</subfield></datafield><datafield ind1=" " ind2=" " tag="100"><subfield code="a">Achiman, Y., Koller, K. And Walsh, T.F</subfield></datafield><datafield ind1=" " ind2=" " tag="245"><subfield code="a">Five quarks, new particles and v + a currents</subfield></datafield><datafield ind1=" " ind2=" " tag="260"><subfield code="a">Hamburg, Deutsches Elektronen-synchrotron, 1975 7 P</subfield></datafield><datafield ind1=" " ind2=" " tag="490"><subfield code="a">75/27</subfield></datafield><datafield ind1=" " ind2=" " tag="852"><subfield code="a">50953</subfield></datafield></record></collection>